@misc{mediapipe,
        author  = {Google},
        title   = {MediaPipe Solutions guide},
        note    = {\url{https://ai.google.dev/edge/mediapipe/solutions/guide}},
        year    = {2024}
}
