@book{Niiro2024,
    author    = {新納 浩幸},
    title     = {LLMのファインチューニングとRAG-チャットボット開発による実践},
    publisher = {オーム社},
    year      = {2024},
}
@webpage{langchain-faiss,
  title        = {langchain\_community.vectorstores.faiss.FAISS},
  organization = {LangChain},
  note         = {\url{https://api.python.langchain.com/en/latest/vectorstores/langchain_community.vectorstores.faiss.FAISS.html}},
  refdate      = {2023}
}
