@article{bazarevsky2019blazeface,
  title={Blazeface: Sub-millisecond neural face detection on mobile gpus},
  author={Bazarevsky, Valentin and Kartynnik, Yury and Vakunov, Andrey and Raveendran, Karthik and Grundmann, Matthias},
  journal={arXiv preprint arXiv:1907.05047},
  year={2019}
}
@article{zhang2017mpiigaze,
  title={Mpiigaze: Real-world dataset and deep appearance-based gaze estimation},
  author={Zhang, Xucong and Sugano, Yusuke and Fritz, Mario and Bulling, Andreas},
  journal={IEEE transactions on pattern analysis and machine intelligence},
  volume={41},
  number={1},
  pages={162--175},
  year={2017},
  publisher={IEEE}
}
@inproceedings{valle2018deeply,
  title={A deeply-initialized coarse-to-fine ensemble of regression trees for face alignment},
  author={Valle, Roberto and Buenaposada, Jose M and Valdes, Antonio and Baumela, Luis},
  booktitle={Proceedings of the European Conference on Computer Vision (ECCV)},
  pages={585--601},
  year={2018}
}